%% A refaire
@book{NIST,
    author       = {NIST Computer Security Division},
    title        = {{SHA-3 Standard: Permutation-Based Hash and Extendable-Output Functions}},
    institution  = {National Institute of Standards and Technology, U.S. Department of Commerce},
    year         = {2014},
    month        = {May},
    type         = {FIPS Publication},
    number       = {202},
    url          = {http://csrc.nist.gov/publications/drafts/fips-202/fips_202_draft.pdf},
    comment      = {FIPS 202: http://csrc.nist.gov/groups/ST/hash/sha-3/sha-3_standard_fips202.html},
}


@book{TDC,
    author       = {Dumas, Jean-Guillaume and Roch, Jean-Louis and Tannier, Eric and Varrette, Sébastien},
    title        = {Théorie des codes: Compression, cryptage, correction},
    year         = {2007},
    publisher    = {DUNOD}
}

@book{WA04,
    author       = {Xiaoyun Wang, Dengguo Feng, Xuejia Lai and Hongbo Yu},
    title        = {Collisions for Hash Functions MD4, MD5, HAVAL-128 and RIPEMD},
    year         = {2004},
    publisher    = {Cryptology ePrint Archive: Report 2004/199}
}


@book{CRY,
    author       = {Stinson, Douglas},
    title        = {CRYPTOGRAPHIE Th\'eorie et pratique},
    key          = {STI},
    edition      = {5},
    year         = {1996},
    publisher    = {vuibert}
}


@phdthesis{Att,
    author       = {Marc Stevens},
    title        = {Attacks on Hash Functions and Applications},
    school       = {Amsterdam},
    year         = {2012}
}

@book{Crypt,
    author       = {Swenson, Christopher},
    title        = {Modern Cryptanalysis: Techniques for advanced code breaking},
    year         = {2008},
    publisher    = {WILEY}
}
@techreport{MC04,
    author       = {Antoine Joux},
    title        = {Multicollisions in iterated hash functions. Application to cascaded constructions},
    year         = {2004},
    institution    = {DCSSI Crypto Lab}
}

@techreport{HH06,
    author       = {John Kelsey, Tadayoshi Kohno},
    title        = {Herding Hash Functions and the Nostradamus Attack},
    year         = {2006},
    institution    = {National Institute of Standards and Technology,CSE Department}
}
@misc{hashcat,
    title        = {{Hashcat} Performance tests},
    howpublished = {\url{http://hashcat.net/oclhashcat/}},
    note         = {Accessed: 2016-04-13}
}