@Book{Erickson07,
  author =	 {Erickson, Jon},
  title =	 {{H}acking: {T}he {A}rt of {E}xploitation},
  publisher =	 {No Starch Press},
  year =	 2007,
  edition =	 {2nd}
}

@Book{HB05,
  author =	 {Hoglund, Greg et Butler, Jamie},
  title =	 {{R}ootkits: {S}ubverting the {W}indows {K}ernel},
  publisher =	 {Addison Wesley},
  year =	 2005,
  series =	 {Software Security Serie}
}

@Book{HG04,
  author =	 {Hoglund, Greg and McGraw, Gary},
  title =	 {{E}xploiting {S}oftware: {H}ow to {B}reak {C}ode},
  publisher =	 {Addison Wesley},
  year =	 2004,
  series =	 {Software Security Serie}
}

@Book{Hyde03,
  author =	 {Hyde, Randall},
  title =	 {{T}he {A}rt of {A}ssembly {L}anguage},
  publisher =	 {No Starch},
  year =	 2003
}

@Book{Kong07,
  author =	 {Kong, Joseph},
  title =	 {{D}esigning {BSD} {R}ootkits: {A}n {I}ntroduction to
                  {K}ernel {H}acking},
  publisher =	 {No Starch},
  year =	 2007
}

@Book{Love05,
  author =	 {Love, Robert},
  title =	 { Linux Kernel Development},
  publisher =	 {Sams},
  year =	 2005,
  edition =	 {2nd}
}

@Book{Love07,
  author =	 {Love, Robert},
  title =	 {{L}inux {S}ystem {P}rogramming: {T}alking {D}irectly
                  to the {K}ernel and {C} {L}ibrary},
  publisher =	 {O'Reilly Media},
  year =	 2007
}

@Book{Seacord05,
  author =	 {Seacord, Robert~C.},
  title =	 {{S}ecure {C}oding in {C} and {C}++},
  publisher =	 {Addison Wesley},
  year =	 2005,
  series =	 {SEI Series}
}

@Book{Shellcoders07,
  author =	 {Anley, Chris and Heasman, John and Linder, Felix and
                  Richarte, Gerardo},
  title =	 {{T}he {S}hellcoder's {H}andbook: {D}iscovering and
                  {E}xploiting {S}ecurity {H}oles},
  publisher =	 {John Wiley \& Sons},
  year =	 2007,
  edition =	 {2nd}
}

@Book{Szor05,
  author =	 {Szor, Peter},
  title =	 {{T}he {A}rt of {C}omputer {V}irus {R}esearch and
                  {D}efense},
  publisher =	 {Addison Wesley},
  year =	 2005
}
